<record><leader>00000cas a2200000 a 4500</leader><controlfield tag="001">31994170</controlfield><controlfield tag="007">hd bfu---baat</controlfield><controlfield tag="007">hd afu---bact</controlfield><controlfield tag="008">950215c19089999nbuwr nea     0    0eng c</controlfield><datafield ind1=" " ind2=" " tag="010"><subfield code="a">sn 95069204 </subfield></datafield><datafield ind1=" " ind2=" " tag="040"><subfield code="a">NVG</subfield><subfield code="b">eng</subfield><subfield code="c">NVG</subfield><subfield code="d">OCLCQ</subfield></datafield><datafield ind1=" " ind2=" " tag="042"><subfield code="a">pcc</subfield></datafield><datafield ind1=" " ind2=" " tag="043"><subfield code="a">n-us-nb</subfield></datafield><datafield ind1="0" ind2="0" tag="245"><subfield code="a">Bridgeport news-blade</subfield><subfield code="h">[microform].</subfield></datafield><datafield ind1=" " ind2=" " tag="260"><subfield code="a">Bridgeport, Neb. :</subfield><subfield code="b">J.M. Lynch,</subfield><subfield code="c">1908-</subfield></datafield><datafield ind1=" " ind2=" " tag="300"><subfield code="a">v.</subfield></datafield><datafield ind1=" " ind2=" " tag="310"><subfield code="a">Weekly</subfield></datafield><datafield ind1="0" ind2=" " tag="362"><subfield code="a">Vol. 9, no. 3 (July 24, 1908)-</subfield></datafield><datafield ind1=" " ind2=" " tag="515"><subfield code="a">Issues for July 24, 1908-June 18, 1917 called also vol. 6, no. 10-v. 11, no. 52.</subfield></datafield><datafield ind1=" " ind2=" " tag="580"><subfield code="a">Formed by the union of: Platte Valley news (Bridgeport, Neb.), and: Bridgeport blade.</subfield></datafield><datafield ind1=" " ind2=" " tag="580"><subfield code="a">Absorbed: Bridgeport herald (Bridgeport, Neb.), 1929; Dalton delegate, 1951; Broadwater news, 1958; and: Morrill County sun.</subfield></datafield><datafield ind1=" " ind2=" " tag="533"><subfield code="a">Microfilm.</subfield><subfield code="m">July 24,1908- :[Gaps]</subfield><subfield code="b">Lincoln, Neb. :</subfield><subfield code="c">Nebraska State Historical Society.</subfield><subfield code="e">microfilm reels ; 35 mm.</subfield></datafield><datafield ind1=" " ind2=" " tag="752"><subfield code="a">United States</subfield><subfield code="b">Nebraska</subfield><subfield code="c">Morrill</subfield><subfield code="d">Bridgeport.</subfield></datafield><datafield ind1=" " ind2=" " tag="752"><subfield code="a">United States</subfield><subfield code="b">Nebraska</subfield><subfield code="c">Cheyenne</subfield><subfield code="d">Bridgeport.</subfield></datafield><datafield ind1="1" ind2="4" tag="780"><subfield code="t">Platte Valley news (Bridgeport, Neb.)</subfield><subfield code="w">(DLC)sn 95069203</subfield></datafield><datafield ind1="1" ind2="4" tag="780"><subfield code="t">Bridgeport blade</subfield><subfield code="w">(DLC)sn 95069202</subfield></datafield><datafield ind1="1" ind2="5" tag="780"><subfield code="t">Bridgeport herald (Bridgeport, Neb.)</subfield><subfield code="w">(DLC)sn 95069205</subfield></datafield><datafield ind1="1" ind2="5" tag="780"><subfield code="t">Dalton delegate</subfield><subfield code="w">(DLC)sn 95069207</subfield></datafield><datafield ind1="1" ind2="5" tag="780"><subfield code="t">Broadwater news</subfield><subfield code="w">(DLC)sn 95069208</subfield></datafield><datafield ind1="1" ind2="5" tag="780"><subfield code="t">Morrill County sun</subfield><subfield code="w">(DLC)sn 95069206</subfield></datafield></record>